@book{toepel,
    author    = "Alfred Töpel",
    title     = "Chemie und Physik der Milch: Naturstoff- Rohstoff- Lebensmittel",
    year      = "2004",
    publisher = "Behr's Verlag",
    edition = "3",
}

@misc{eichtabelle,
	title="ZuckerLiteratur.xls, Verfügbar im educanet2",
}