@misc{ wiki:ohm,
  author = "Wikipedia",
  title = "Ohmsches Gesetz --- {W}ikipedia{,} The Free Encyclopedia",
  year = "2013",
  howpublished =
  "\url{https://de.wikipedia.org/w/index.php?title=Ohmsches_Gesetz&oldid=115503750}",
  note = "[Online; accessed 17-Maerz-2013]"
}
