@misc{ wiki:hexan,
  author = "Wikipedia",
  title = "n-{H}exan --- {W}ikipedia{,} The Free Encyclopedia",
  year = "2013",
  howpublished =
  "\url{https://de.wikipedia.org/w/index.php?title=N-Hexan&oldid=112521401}",
  note = "[Online; accessed 17-Maerz-2013]"
}
