@misc{ wiki:cs1,
  author = "Wikipedia",
  title = "Kupfer(I)-sulfid --- {W}ikipedia{,} The Free Encyclopedia",
  year = "2012",
  howpublished =
  "\url{https://de.wikipedia.org/w/index.php?title=Kupfer(I)-sulfid&oldid=111261625}",
  note = "[Online; accessed 16-Dezember-2012]"
}

@misc{ wiki:cs2,
  author = "Wikipedia",
  title = "Kupfer(II)-sulfid --- {W}ikipedia{,} The Free Encyclopedia",
  year = "2012",
  howpublished =
  "\url{https://de.wikipedia.org/w/index.php?title=Kupfer(II)-sulfid&oldid=111632482}",
  note = "[Online; accessed 16-Dezember-2012]"
}

@misc{ wiki:cs,
  author = "Wikipedia",
  title = "Kupfersulfid --- {W}ikipedia{,} The Free Encyclopedia",
  year = "2012",
  howpublished =
  "\url{https://de.wikipedia.org/w/index.php?title=Kupfersulfid&oldid=100040311}",
  note = "[Online; accessed 16-Dezember-2012]"
}

@misc{ifa:cs1,
  author = "Institut fuer Arbeitsschutz der Deutschen Gesetzlichen
  Unfallversicherung",
  title = "Kupfer(I)-sulfid --- GESTIS-Stoffdatenbank",
  year = "2012",
  howpublished =
  "\url{http://gestis.itrust.de/nxt/gateway.dll/gestis_de/004520.xml?f=templates$fn=default.htm$3.0}",
  note = "[Online; accessed 16-Dezember-2012]"
}

@misc{ifa:cs2,
  author = "Institut fuer Arbeitsschutz der Deutschen Gesetzlichen
  Unfallversicherung",
  title = "Kupfer(II)-sulfid --- GESTIS-Stoffdatenbank",
  year = "2012",
  howpublished =
  "\url{http://gestis.itrust.de/nxt/gateway.dll/gestis_de/003320.xml?f=templates$fn=default.htm$3.0}",
  note = "[Online; accessed 16-Dezember-2012]"
}

